@inproceedings {3dor.20181052,
booktitle = {Eurographics Workshop on 3D Object Retrieval},
editor = {Telea, Alex and Theoharis, Theoharis and Veltkamp, Remco},
title = {{RGB-D Object-to-CAD Retrieval}},
author = {Pham, Quang-Hieu and Tran, Minh-Khoi and Li, Wenhui and Xiang, Shu and Zhou, Heyu and Nie, Weizhi and Liu, Anan and Su, Yuting and Tran, Minh-Triet and \textbf{Bui, Ngoc-Minh} and \textbf{Do, Trong-Le} and Ninh, Tu V. and Le, Tu-Khiem and Dao, Anh-Vu and Nguyen, Vinh-Tiep and Do, Minh N. and Duong, Anh-Duc and Hua, Binh-Son and Yu, Lap-Fai and Nguyen, Duc Thanh and Yeung, Sai-Kit},
year = {2018},
publisher = {The Eurographics Association},
ISSN = {1997-0471},
ISBN = {978-3-03868-053-6},
DOI = {10.2312/3dor.20181052}
}
