@inproceedings{Prasad2015,
author = {A.N.Prasad and Mamun, Kabir and Islam, F and Haqva, H},
year = {2015},
month = {12},
pages = {},
title = {Smart Water Quality Monitoring System},
doi = {10.1109/APWCCSE.2015.7476234}
}

@inproceedings{Sreekar2018,
	author = {Sreekar, Siddula and Bobba, Phaneendra and Jain, Prem},
	year = {2018},
	month = {02},
	pages = {1-5},
	title = {Water Level Monitoring and Management of Dams using IoT},
	doi = {10.1109/IoT-SIU.2018.8519843}
}

@article{Verpoorter2012,
	author = {Verpoorter, Charles and Kutser, Tiit and Tranvik, Lars},
	year = {2012},
	month = {11},
	pages = {},
	title = {Automated Mapping of Water Bodies Using Landsat Multispectral Data},
	volume = {10},
	journal = {Limnology and oceanography, methods},
	doi = {10.4319/lom.2012.10.1037}
}

@article{Jorge2006,
	author = { Jorge   Lira },
	title = {Segmentation and morphology of open water bodies from multispectral images},
	journal = {International Journal of Remote Sensing},
	volume = {27},
	number = {18},
	pages = {4015-4038},
	year  = {2006},
	publisher = {Taylor & Francis},
	doi = {10.1080/01431160600702384},
	URL = {https://doi.org/10.1080/01431160600702384},
	eprint = {https://doi.org/10.1080/01431160600702384}
}

@article{Amitrano2014,
	author = {Amitrano, Donato and Di Martino, Gerardo and Iodice, Antonio and Mitidieri, Francesco and Papa, Maria and Riccio, Daniele and Ruello, Giuseppe},
	year = {2014},
	month = {11},
	pages = {10676-10693},
	title = {Sentinel-1 for Monitoring Reservoirs: A Performance Analysis},
	volume = {6},
	journal = {Remote Sensing},
	doi = {10.3390/rs61110676}
}

@article{Nguyen2016,
	author = {Nguyen, Duy},
	year = {2016},
	month = {04},
	pages = {},
	title = {Automatic detection of surface water bodies from Sentinel-1 SAR images using Valley-Emphasis method},
	volume = {37},
	journal = {VIETNAM JOURNAL OF EARTH SCIENCES},
	doi = {10.15625/0866-7187/37/4/8298}
}

@ARTICLE{Cheng2014, 
	author={Q. {Cheng} and H. {Shen} and L. {Zhang} and P. {Li}}, 
	journal={IEEE Transactions on Geoscience and Remote Sensing}, 
	title={Inpainting for Remotely Sensed Images With a Multichannel Nonlocal Total Variation Model}, 
	year={2014}, 
	volume={52}, 
	number={1}, 
	pages={175-187}, 
	keywords={geophysical image processing;image texture;remote sensing;remotely sensed image inpainting;multichannel nonlocal total variation model;dead pixel filling;uninteresting object removal;image inpainting technology;textured images;reconstructing large scale areas;Bregmanized operator splitting algorithm;Remote sensing;Image reconstruction;Gold;Optimization;TV;Noise;Computational complexity;Inpainting;multichannel;nonlocal total variation (NLTV);remotely sensed image}, 
	doi={10.1109/TGRS.2012.2237521}, 
	ISSN={0196-2892}, 
	month={Jan},
}

@ARTICLE{Zhang2018, 
	author={Q. {Zhang} and Q. {Yuan} and C. {Zeng} and X. {Li} and Y. {Wei}}, 
	journal={IEEE Transactions on Geoscience and Remote Sensing}, 
	title={Missing Data Reconstruction in Remote Sensing Image With a Unified Spatial–Temporal–Spectral Deep Convolutional Neural Network}, 
	year={2018}, 
	volume={56}, 
	number={8}, 
	pages={4274-4288}, 
	keywords={image reconstruction;neural nets;remote sensing;unified spatial-temporal-spectral framework;unified deep CNN;single missing information reconstruction task;Aqua Moderate Resolution Imaging Spectroradiometer band;missing data reconstruction;remote sensing image;satellite sensors;data usability;Landsat Enhanced Thematic Mapper Plus;deep convolutional neural network;remote sensing data;Image reconstruction;Remote sensing;Task analysis;MODIS;Earth;Data models;Artificial satellites;Aqua Moderate Resolution Imaging Spectroradiometer (MODIS) band 6;cloud removal;deep convolutional neural network (CNN);Enhanced Thematic Mapper Plus (ETM+) scan line corrector (SLC)-off;reconstruction of missing data;spatial–temporal–spectral}, 
	doi={10.1109/TGRS.2018.2810208}, 
	ISSN={0196-2892}, 
	month={Aug},
}

@inproceedings{Holmstrom2016MachineLA,
	title={Machine Learning Applied to Weather Forecasting},
	author={Mark A. Holmstrom and Dylan Zhe Liu},
	year={2016}
}

@inproceedings{Culclasure2013UsingNN,
	title={Using Neural Networks to Provide Local Weather Forecasts},
	author={Andrew Culclasure},
	year={2013}
}

@ARTICLE{Zhang2006, 
	author={Lei Zhang and Xiaolin Wu}, 
	journal={IEEE Transactions on Image Processing}, 
	title={An edge-guided image interpolation algorithm via directional filtering and data fusion}, 
	year={2006}, 
	volume={15}, 
	number={8}, 
	pages={2226-2238}, 
	keywords={edge detection;filtering theory;image reconstruction;image resolution;interpolation;least mean squares methods;sensor fusion;edge-guided image interpolation algorithm;directional filtering;data fusion;image reconstruction;nonlinear interpolation technique;linear minimum mean square-error estimation technique;Interpolation;Filtering algorithms;Image edge detection;Image reconstruction;Image resolution;Statistics;Digital images;Signal resolution;Laplace equations;Robustness;Data fusion;edge preservation;image interpolation;linear minimum mean square-error estimation (LMMSE);Algorithms;Artificial Intelligence;Computer Simulation;Image Enhancement;Image Interpretation, Computer-Assisted;Information Storage and Retrieval;Least-Squares Analysis;Linear Models;Numerical Analysis, Computer-Assisted;Pattern Recognition, Automated;Signal Processing, Computer-Assisted;Subtraction Technique}, 
	doi={10.1109/TIP.2006.877407}, 
	ISSN={1057-7149}, 
	month={Aug},
}

@article{YangLLSWL16,
	author    = {Chao Yang and
	Xin Lu and
	Zhe Lin and
	Eli Shechtman and
	Oliver Wang and
	Hao Li},
	title     = {High-Resolution Image Inpainting using Multi-Scale Neural Patch Synthesis},
	journal   = {CoRR},
	volume    = {abs/1611.09969},
	year      = {2016},
	url       = {http://arxiv.org/abs/1611.09969},
	archivePrefix = {arXiv},
	eprint    = {1611.09969},
	timestamp = {Mon, 13 Aug 2018 16:47:30 +0200},
	biburl    = {https://dblp.org/rec/bib/journals/corr/YangLLSWL16},
	bibsource = {dblp computer science bibliography, https://dblp.org}
}

@ARTICLE{Lingli2006, 
	author={Lingli Wang and J. J. Qu and Xiaoxiong Xiong and Xianjun Hao and Yong Xie and Nianzeng Che}, 
	journal={IEEE Geoscience and Remote Sensing Letters}, 
	title={A new method for retrieving band 6 of aqua MODIS}, 
	year={2006}, 
	volume={3}, 
	number={2}, 
	pages={267-270}, 
	keywords={snow;remote sensing;infrared imaging;radiometry;infrared detectors;hydrological techniques;Aqua MODIS;band 6 retrieval;NASA Earth Observing System mission;Terra satellite;AD 1999 12;Aqua satellite;AD 2002 05;normalized difference snow index;global snow coverage detection;Visible Infrared Imager Radiometer Suite;band M10 proxy data generation;1.628 to 1.652 micron;2.105 to 2.155 micron;MODIS;Snow;Instruments;Earth Observing System;Satellite broadcasting;Detectors;NASA;Information retrieval;Image retrieval;Infrared image sensors;Aqua;band 6;Moderate Resolution Imaging Spectroradiometer (MODIS);normalized difference snow index (NDSI);retrieval;Terra}, 
	doi={10.1109/LGRS.2006.869966}, 
	ISSN={1545-598X}, 
	month={April},
}

@ARTICLE{Li2014, 
	author={X. Li and H. Shen and L. Zhang and H. Zhang and Q. Yuan}, 
	journal={IEEE Geoscience and Remote Sensing Letters}, 
	title={Dead Pixel Completion of Aqua MODIS Band 6 Using a Robust M-Estimator Multiregression}, 
	year={2014}, 
	volume={11}, 
	number={4}, 
	pages={768-772}, 
	keywords={regression analysis;remote sensing;dead pixel completion;Aqua MODIS band 6;M-estimator multiregression;Earth Observing System;National Aeronautics and Space Administration;long term global observations;land surface observations;biosphere observations;atmosphere observations;ocean observations;Moderate Resolution Imaging Spectroradiometer;MODIS instrument;dead pixels;noisy pixels;RMEMR algorithm;MODIS;Remote sensing;Robustness;Detectors;Noise measurement;Correlation;Oceans;Aqua;band 6;inpainting;Moderate Resolution Imaging Spectroradiometer (MODIS);reflectance}, 
	doi={10.1109/LGRS.2013.2278626}, 
	ISSN={1545-598X}, 
	month={April},
}

@article{ZENG2013182,
	title = "Recovering missing pixels for Landsat ETM+ SLC-off imagery using multi-temporal regression analysis and a regularization method",
	journal = "Remote Sensing of Environment",
	volume = "131",
	pages = "182 - 194",
	year = "2013",
	issn = "0034-4257",
	doi = "https://doi.org/10.1016/j.rse.2012.12.012",
	url = "http://www.sciencedirect.com/science/article/pii/S0034425712004786",
	author = "Chao Zeng and Huanfeng Shen and Liangpei Zhang",
	keywords = "ETM+, SLC-off, Gap filling"
}

@ARTICLE{Gao2017, 
	author={G. Gao and Y. Gu}, 
	journal={IEEE Transactions on Geoscience and Remote Sensing}, 
	title={Multitemporal Landsat Missing Data Recovery Based on Tempo-Spectral Angle Model}, 
	year={2017}, 
	volume={55}, 
	number={7}, 
	pages={3656-3668}, 
	keywords={clouds;remote sensing by radar;Landsat missing data recovery;tempo-spectral angle model;remote sensing applications;sensor-specific problems;multitemporal images;tempo-spectral angle mapping;actual multitemporal scanline corrector-off;line Plus images;Remote sensing;Earth;Satellites;Clouds;Usability;Extraterrestrial measurements;Sensors;Landsat;missing data;multitemporal images;similarity replacement;tempo-spectral angle mapping (TSAM)}, 
	doi={10.1109/TGRS.2017.2656162}, 
	ISSN={0196-2892}, 
	month={July},
}

@ARTICLE{Ng2017, 
	author={M. K. Ng and Q. Yuan and L. Yan and J. Sun}, 
	journal={IEEE Transactions on Geoscience and Remote Sensing}, 
	title={An Adaptive Weighted Tensor Completion Method for the Recovery of Remote Sensing Images With Missing Data}, 
	year={2017}, 
	volume={55}, 
	number={6}, 
	pages={3367-3381}, 
	keywords={geophysical techniques;remote sensing;adaptive weighted tensor completion method;remote sensing image recovery;missing data recovery method;missing information;dead pixel values;cloud effects;image quality degradation problems;image processing;image classification;image unmixing;target detection;quantitative retrieval process;weighted tensor low-rank regularization model;tensor completion model;Aqua moderate resolution imaging spectroradiometer;scan-line corrector-off problem;enhanced thematic mapper plus images;spectral distortion;Tensile stress;Image reconstruction;Remote sensing;Adaptation models;MODIS;Clouds;Adaptive weighted;missing data reconstruction;remote sensing;tensor completion}, 
	doi={10.1109/TGRS.2017.2670021}, 
	ISSN={0196-2892}, 
	month={June},
}

@ARTICLE{Li2016, 
	author={X. Li and H. Shen and H. Li and L. Zhang}, 
	journal={IEEE Journal of Selected Topics in Applied Earth Observations and Remote Sensing}, 
	title={Patch Matching-Based Multitemporal Group Sparse Representation for the Missing Information Reconstruction of Remote-Sensing Images}, 
	year={2016}, 
	volume={9}, 
	number={8}, 
	pages={3629-3641}, 
	keywords={image reconstruction;remote sensing;patch matching-based multitemporal group sparse representation;remote sensing image reconstruction;passive sensor;change detection;optical remote sensing data;Remote sensing;Correlation;Image reconstruction;Clouds;Interpolation;Earth;Optical imaging;Cloud removal;group sparse representation (GSR);missing information reconstruction;nonlocal similarity;patch matching;remote sensing;spectral;temporal}, 
	doi={10.1109/JSTARS.2016.2533547}, 
	ISSN={1939-1404}, 
	month={Aug},
}

@Article{Yang2019,
AUTHOR = {Yang, Yixin and Zhang, Jianqi and Song, Shangzhen and Liu, Delian},
TITLE = {Hyperspectral Anomaly Detection via Dictionary Construction-Based Low-Rank Representation and Adaptive Weighting},
JOURNAL = {Remote Sensing},
VOLUME = {11},
YEAR = {2019},
NUMBER = {2},
ARTICLE-NUMBER = {192},
URL = {https://www.mdpi.com/2072-4292/11/2/192},
ISSN = {2072-4292},
ABSTRACT = {Anomaly detection (AD), which aims to distinguish targets with significant spectral differences from the background, has become an important topic in hyperspectral imagery (HSI) processing. In this paper, a novel anomaly detection algorithm via dictionary construction-based low-rank representation (LRR) and adaptive weighting is proposed. This algorithm has three main advantages. First, based on the consistency with AD problem, the LRR is employed to mine the lowest-rank representation of hyperspectral data by imposing a low-rank constraint on the representation coefficients. Sparse component contains most of the anomaly information and can be used for anomaly detection. Second, to better separate the sparse anomalies from the background component, a background dictionary construction strategy based on the usage frequency of the dictionary atoms for HSI reconstruction is proposed. The constructed dictionary excludes possible anomalies and contains all background categories, thus spanning a more reasonable background space. Finally, to further enhance the response difference between the background pixels and anomalies, the response output obtained by LRR is multiplied by an adaptive weighting matrix. Therefore, the anomaly pixels are more easily distinguished from the background. Experiments on synthetic and real-world hyperspectral datasets demonstrate the superiority of our proposed method over other AD detectors.},
DOI = {10.3390/rs11020192}
}

@article{Grosklos2015,
	author = {Grosklos, Guenchik and Theiler, James},
	year = {2015},
	month = {05},
	pages = {},
	title = {Ellipsoids for anomaly detection in remote sensing imagery},
	volume = {9472},
	doi = {10.1117/12.2177061}
}